<?xml version="1.0" encoding="utf-8"?>
<record xmlns="http://www.loc.gov/MARC21/slim" xmlns:xsi="http://www.w3.org/2001/XMLSchema-instance" xsi:schemaLocation="http://www.loc.gov/MARC21/slim http://www.loc.gov/standards/marcxml/schema/MARC21slim.xsd">
	<leader>     nam a22     Mi 4500</leader>
	<controlfield tag="001">939859</controlfield>
	<controlfield tag="003">NjP</controlfield>
	<controlfield tag="006">m        d        </controlfield>
	<controlfield tag="007">cr cn |||m|||a</controlfield>
	<controlfield tag="008">201207m18009999ua      o     000 0 ara d</controlfield>
	<datafield ind1=" " ind2=" " tag="040">
		<subfield code="a">ZYU</subfield>
		<subfield code="b">ara</subfield>
		<subfield code="e">rda</subfield>
		<subfield code="c">ZYU</subfield>
	</datafield>
	<datafield ind1="1" ind2=" " tag="100">
		<subfield code="6">880-01</subfield>
		<subfield code="a">Shāfiʻī, Muḥammad,</subfield>
		<subfield code="c">Bik.</subfield>
	</datafield>
	<datafield ind1="1" ind2="0" tag="240">
		<subfield code="6">880-02</subfield>
		<subfield code="a">Sirāj al-wahhāj fī-mā yataʻallaqu bi-al-tashkhīṣ wa-al-ʻilāj</subfield>
	</datafield>
	<datafield ind1="1" ind2="3" tag="245">
		<subfield code="6">880-03</subfield>
		<subfield code="a">al-Juzʼ al-awwal min Kitāb al-Sirāj al-wahhāj fī-mā yataʻallaqu bi-al-tashkhīṣ wa-al-ʻilāj  /</subfield>
		<subfield code="c">taʼlīf Muḥammad Bīk al-Shāfiʻī al-Ṭabīb.</subfield>
	</datafield>
	<datafield ind1="3" ind2=" " tag="246">
		<subfield code="6">880-04</subfield>
		<subfield code="a">Sirāj al-wahhāj fī-mā yataʻallaqu bi-al-tashkhīṣ wa-al-ʻilāj</subfield>
	</datafield>
	<datafield ind1="3" ind2=" " tag="246">
		<subfield code="6">880-05</subfield>
		<subfield code="a">Kitāb al-Sirāj al-wahhāj fī-mā yataʻallaqu bi-al-tashkhīṣ wa-al-ʻilāj</subfield>
	</datafield>
	<datafield ind1=" " ind2=" " tag="260">
		<subfield code="a">[Cairo?] :</subfield>
		<subfield code="b">[publisher not identified],</subfield>
		<subfield code="c">[18--?]-</subfield>
	</datafield>
	<datafield ind1=" " ind2=" " tag="300">
		<subfield code="a">online resource (volumes)</subfield>
	</datafield>
	<datafield ind1=" " ind2=" " tag="336">
		<subfield code="a">text</subfield>
		<subfield code="2">rdacontent</subfield>
	</datafield>
	<datafield ind1=" " ind2=" " tag="337">
		<subfield code="a">computer</subfield>
		<subfield code="2">rdamedia</subfield>
	</datafield>
	<datafield ind1=" " ind2=" " tag="338">
		<subfield code="a">online resource</subfield>
		<subfield code="2">rdacarrier</subfield>
	</datafield>
	<datafield ind1=" " ind2=" " tag="500">
		<subfield code="a">Part of the Arabic Collections Online (ACO) project, contributed by Princeton University Libraries.</subfield>
	</datafield>
	<datafield ind1=" " ind2=" " tag="533">
		<subfield code="a">Electronic reproduction.</subfield>
		<subfield code="b">New York, N.Y. :</subfield>
		<subfield code="c">New York University,</subfield>
		<subfield code="d">2020.</subfield>
		<subfield code="5">NNU</subfield>
	</datafield>
	<datafield ind1=" " ind2="0" tag="650">
		<subfield code="a">Diagnosis.</subfield>
	</datafield>
	<datafield ind1=" " ind2="0" tag="650">
		<subfield code="a">Pathology.</subfield>
	</datafield>
	<datafield ind1=" " ind2="7" tag="650">
		<subfield code="a">Diagnosis.</subfield>
		<subfield code="2">fast</subfield>
		<subfield code="0">(OCoLC)fst00892273</subfield>
	</datafield>
	<datafield ind1=" " ind2="7" tag="650">
		<subfield code="a">Pathology.</subfield>
		<subfield code="2">fast</subfield>
		<subfield code="0">(OCoLC)fst01054964</subfield>
	</datafield>
	<datafield ind1="2" ind2=" " tag="710">
		<subfield code="a">Princeton University.</subfield>
		<subfield code="b">Library.</subfield>
	</datafield>
	<datafield ind1="0" ind2=" " tag="730">
		<subfield code="a">Arabic Collections Online.</subfield>
	</datafield>
	<datafield ind1="0" ind2=" " tag="740">
		<subfield code="6">880-06</subfield>
		<subfield code="a">Kitāb al-Sirāj al-wahhāj fī-mā yataʻallaqu bi-al-tashkhīṣ wa-al-ʻilāj.</subfield>
	</datafield>
	<datafield ind1="0" ind2="8" tag="776">
		<subfield code="i">Online version:</subfield>
		<subfield code="a">Shāfiʻī, Muḥammad Bīk.</subfield>
		<subfield code="s">Sirāj al-wahhāj fī-mā yataʻallaqu bi-al-tashkhīṣ wa-al-ʻilāj.</subfield>
		<subfield code="t">Juzʼ al-awwal min Kitāb al-Sirāj al-wahhāj fī-mā yataʻallaqu bi-al-tashkhīṣ wa-al-ʻilāj.</subfield>
		<subfield code="d">[Cairo? : s.n., 18--?]-</subfield>
		<subfield code="w">(OCoLC)655923443</subfield>
	</datafield>
	<datafield ind1="0" ind2="8" tag="776">
		<subfield code="i">Print version:</subfield>
		<subfield code="a">Shāfiʻī, Muḥammad, Bik.</subfield>
		<subfield code="t">al-Juzʼ al-awwal min Kitāb al-Sirāj al-wahhāj fī-mā yataʻallaqu bi-al-tashkhīṣ wa-al-ʻilāj</subfield>
		<subfield code="w">(NjP)939859</subfield>
	</datafield>
	<datafield ind1="4" ind2="0" tag="856">
		<subfield code="u">http://hdl.handle.net/2333.1/sn02vhw2</subfield>
	</datafield>
	<datafield ind1="4" ind2="0" tag="856">
		<subfield code="u">http://hdl.handle.net/2333.1/sn02vhw2</subfield>
	</datafield>
	<datafield ind1="1" ind2=" " tag="880">
		<subfield code="6">100-01</subfield>
		<subfield code="a">شافعي ،محمد،‎‎</subfield>
		<subfield code="c">بك.‎‎</subfield>
	</datafield>
	<datafield ind1="1" ind2="0" tag="880">
		<subfield code="6">240-02</subfield>
		<subfield code="a">شراج الوهاج في ما يتعلق بالتشحيص و العلاج‎‎</subfield>
	</datafield>
	<datafield ind1="1" ind2="2" tag="880">
		<subfield code="6">245-03</subfield>
		<subfield code="a">الجزء الاول من كتاب السراج الوهاج في ما يتعلق بالتشخيص و العلاج /‎‎</subfield>
		<subfield code="c">تأليف محمد بك الشافعي الطبيب.‎‎</subfield>
	</datafield>
	<datafield ind1="3" ind2=" " tag="880">
		<subfield code="6">246-04</subfield>
		<subfield code="a">سراج الوهاج فيما يتعلق بالتشخيص والعلاج‎‎</subfield>
	</datafield>
	<datafield ind1="3" ind2=" " tag="880">
		<subfield code="6">246-05</subfield>
		<subfield code="a">كتاب السراج الوهاج فيما يتعلق بالتشخيص والعلاج‎‎</subfield>
	</datafield>
	<datafield ind1="0" ind2=" " tag="880">
		<subfield code="6">740-06</subfield>
		<subfield code="a">كتاب السراج الوهاج فيما يتعلق بالتشخيص والعلاج‎‎</subfield>
	</datafield>
	<datafield ind1=" " ind2=" " tag="959">
		<subfield code="a">NNU</subfield>
		<subfield code="b">WEB</subfield>
		<subfield code="c">GENI</subfield>
		<subfield code="t">0</subfield>
		<subfield code="m">Electronic access</subfield>
		<subfield code="s">01</subfield>
	</datafield>
	<datafield ind1=" " ind2=" " tag="959">
		<subfield code="a">NNU</subfield>
		<subfield code="b">WEB</subfield>
		<subfield code="c">GENI</subfield>
		<subfield code="t">0</subfield>
		<subfield code="m">Electronic access</subfield>
		<subfield code="s">01</subfield>
	</datafield>
	<datafield ind1=" " ind2=" " tag="999">
		<subfield code="i">NjP_939859</subfield>
		<subfield code="o">(OCoLC)ocm31823698</subfield>
		<subfield code="s">princeton_aco004153:(juz  1-2)</subfield>
		<subfield code="e">(ERROR-880)(ERROR-MISC)</subfield>
		<subfield code="s">princeton_aco004153:(juz  1-2)</subfield>
	</datafield>
</record>
